%% This BibTeX bibliography file was created using BibDesk.
%% http://bibdesk.sourceforge.net/



@article{Beltrami,
	author = {Beltrami,  E.},
	Title = {Opere Matematiche},
	publisher = {Universit\'{a} di Roma, Facolt\'{a} Di Scienze, Italy},
	Year = {1902--1920}
}


@article{Borges2020, 
  doi = {10.1190/geo2019-0140.1},
  url = {https://doi.org/10.1190/geo2019-0140.1},
  year = {2020},
  month = {jan},
  publisher = {Society of Exploration Geophysicists},
  volume = {85},
  number = {1},
  pages = {B9--B21},
  journal = {Geophysics}, 
  author = {Filipe Borges and Martin Landr{\o} and Kenneth Duffaut},
  title = {Time-lapse seismic analysis of overburden water injection at the Ekofisk field, southern North Sea}
}

@article{vanThienenFokker17,
  doi = {10.1017/njg.2017.10},
  url = {https://doi.org/10.1017/njg.2017.10},
  year = {2017},
  month = {jul},
  publisher = {Cambridge University Press ({CUP})},
  volume = {96},
  number = {5},
  pages = {s105--s116},
  journal = {Netherlands Journal of Geosciences}, 
  author = {Karin van Thienen-Visser and Peter A. Fokker},
  title = {The future of subsidence modelling: compaction and subsidence due to gas depletion of the  Groningen gas field in the Netherlands}
}



@article{Dahmetal15,
  doi = {10.1002/2014jb011778},
  url = {https://doi.org/10.1002/2014jb011778},
  year = {2015},
  month = {apr},
  publisher = {American Geophysical Union ({AGU})},
  volume = {120},
  number = {4},
  pages = {2491--2509},
  journal = {Journal of Geophysical Research: Solid Earth}, 
  author = {Torsten Dahm and Simone Cesca and Sebastian Hainzl and Thomas Braun and Frank Kr\"{u}ger},
  title = {Discrimination between induced,  triggered,  and natural earthquakes close to hydrocarbon 
  reservoirs: A probabilistic approach based on the modeling of depletion-induced stress changes and 
  seismological source parameters}
}



@book{Fjaer08,
	author = {Erling Fj{\ae}r and   R. M. Holt and P. Horsrud and A. M. Raaen and R. Risnes.},
	Title = {Petroleum related rock mechanics},
	Publisher = {Elsevier},
	Year = {2008},
	edition = {Developments in Petroleum Science, 2nd ed., v. 53},
	pages = {491 pp.},
	isbn = {0376-7361}
}

@article{Fukushima2020,
  doi = {10.1093/gji/ggaa240},
  url = {https://doi.org/10.1093/gji/ggaa240},
  year = {2020},
  month = {jun},
  publisher = {Oxford University Press ({OUP})},
  volume = {222},
  number = {3},
  pages = {1898--1908},
  journal = {Geophysical Journal International},
  author = {Toshio Fukushima},
  title = {Speed and accuracy improvements in standard algorithm for prismatic gravitational field}
}


@article{Geertsma57,
  doi = {10.1016/0022-5096(57)90042-x},
  url = {https://doi.org/10.1016/0022-5096(57)90042-x},
  year = {1957},
  month = {jan},
  publisher = {Elsevier {BV}},
  volume = {6},
  number = {1},
  pages = {13--16},
  journal = {Journal of the Mechanics and Physics of Solids},
  author = {J. Geertsma},
  title = {A remark on the analogy between thermoelasticity and the elasticity of saturated porous media}
}

@article{Geertsma66,
	year = {1966},
    author = {Geertsma, J.},
    title = {Problems of Rock Mechanics In Petroleum Production 
    Engineering:},
    journal = {Proceedings of the First Congress of the International 
    Society for Rock Mechanics, ISRM, Expanded Abstract, Lisbon, 
    Portugal.},
    volume = {1},
    pages = {585--594}   
}

@article{Geertsma73,
  doi = {10.2118/3730-pa},
  url = {https://doi.org/10.2118/3730-pa},
  year = {1973},
  month = {jun},
  publisher = {Society of Petroleum Engineers ({SPE})},
  volume = {25},
  number = {06},
  pages = {734--744},
  journal = {Journal of Petroleum Technology}, 
  author = {J. Geertsma},
  title = {Land Subsidence Above Compacting Oil and Gas Reservoirs}
}


@article{Geertsma-Opstal73,
  year = {1973},
  volume = {28},
  pages = {63--78},
  journal = { Verhandelingen Kon. Ned. Geol. Mijnbouwk. Gen.}, 
  author = {J. Geertsma and {van Opstal}},
  title = {A numerical technique for predicting subsidence above 
  compacting reservoirs, based on the nucleus 
  of strain concept}
}


@article{Goodier37,
  doi = {10.1080/14786443708561872},
  url = {https://doi.org/10.1080/14786443708561872},
  year = {1937},
  month = may,
  publisher = {Informa {UK} Limited},
  volume = {23},
  number = {157},
  pages = {1017--1032},
  journal = {The London, Edinburgh, and Dublin Philosophical Magazine and Journal of Science},
  author = {J.N. Goodiee},
  title = {{XCVII}.On the integration of the thermo-elastic equations}
}

 
@article{Grigolietal17,
  doi = {10.1002/2016rg000542},
  url = {https://doi.org/10.1002/2016rg000542},
  year = {2017},
  month = {apr},
  publisher = {American Geophysical Union ({AGU})},
  volume = {55},
  number = {2},
  pages = {310--340},
  journal = {Reviews of Geophysics}, 
  author = {Francesco Grigoli and Simone Cesca and Enrico Priolo and Antonio Pio Rinaldi and John F. Clinton and Tony A. Stabile and Bernard Dost and Mariano Garcia Fernandez and Stefan Wiemer and Torsten Dahm},
  title = {Current challenges in monitoring,  discrimination,  and management of induced seismicity related to underground industrial activities: A European perspective}
} 

@book{Kellogg29,
	author = {Kellogg, O. D.},
	Title = {Foundations of Potential Theory},
	Publisher = {Springer-Verlag, Berlin, Heidelberg}, 	
	doi= {10.1007/978-3-642-86748-4},
	pages = {386 pp.},
	Year = {1967},
	edition = {reprint from the first edition of 1929},
	isbn = {978-3-642-86750-7}
}


@article{Mehrabian-Abousleiman15,
  doi = {10.1016/j.petrol.2015.03.007},
  url = {https://doi.org/10.1016/j.petrol.2015.03.007},
  year = {2015},
  month = {jun},
  publisher = {Elsevier {BV}},
  volume = {130},
  pages = {68--76},
  journal = {Journal of Petroleum Science and Engineering},
  author = {Amin Mehrabian and Younane N. Abousleiman},
  title = {Geertsma's subsidence solution extended to layered stratigraphy}
}


@article{Mindlin-Cheng50,
  doi = {10.1063/1.1699786},
  url = {https://doi.org/10.1063/1.1699786},
  year = {1950},
  month = {sep},
  publisher = {{AIP} Publishing},
  volume = {21},
  number = {9},
  pages = {931--933},
  journal = {Journal of Applied Physics},
  author = {Raymond D. Mindlin and David H. Cheng},
  title = {Thermoelastic Stress in the Semi-Infinite Solid}
}

@article{Munoz-Roehl17,
  doi = {10.1016/j.apm.2017.06.023},
  url = {https://doi.org/10.1016/j.apm.2017.06.023},
  year = {2017},
  month = {dec},
  publisher = {Elsevier {BV}},
  volume = {52},
  pages = {145--159},
  author = {Luis Fernando Paullo Mu{\~{n}}oz and Deane Roehl},
  journal = {Applied Mathematical Modelling}, 
  title = {An analytical solution for displacements due to reservoir compaction under arbitrary pressure changes}
}



@article{Nagyetal2000,
  doi = {10.1007/s001900000116},
  url = {https://doi.org/10.1007/s001900000116},
  year = {2000},
  month = {nov},
  publisher = {Springer Science and Business Media {LLC}},
  volume = {74},
  number = {7-8},
  pages = {552--560},
  author = {D. Nagy and G. Papp and J. Benedek},
  journal = {Journal of Geodesy}, 
  title = {The gravitational potential and its derivatives for the prism}
}

@article{Nagyetal2002,
  doi = {10.1007/s00190-002-0264-7},
  url = {https://doi.org/10.1007/s00190-002-0264-7},
  year = {2002},
  month = {nov},
  publisher = {Springer Science and Business Media {LLC}},
  volume = {76},
  number = {8},
  pages = {475--475},
  author = {D. Nagy and G. Papp and J. Benedek},
  journal = {Journal of Geodesy}, 
  title = {Corrections to "The gravitational potential and its derivatives for the prism"}
}


@article{Segall92,
  doi = {10.1007/bf00879950},
  url = {https://doi.org/10.1007/bf00879950},
  year = {1992},
  publisher = {Springer Science and Business Media {LLC}},
  volume = {139},
  number = {3-4},
  pages = {535--560},
  journal = {Pure and Applied Geophysics},
  author = {Paul Segall},
  title = {Induced stresses due to fluid extraction from axisymmetric reservoirs}
}

@article{Sen51,
  url = {http://www.jstor.org/stable/43633838},
  year = {1951},
  volume = {8},
  number = {4},
  pages = {365--369},
  journal = {Quarterly of Applied Mathematics},
  author = {B. Sen},
  title = {Note on the Stresses Produced by Nuclei of Thermoelastic Strain in a Semi-infinite Solid}
}


@article{Sharma56,
  doi = {10.1002/zamm.19560360108},
  url = {https://doi.org/10.1002/zamm.19560360108},
  year = {1956},
  publisher = {Wiley},
  volume = {36},
  number = {1-2},
  pages = {75--78},
  journal =  {Zeitschrift f{\"u}r Angewandte Mathematik und Mechanik},
  author = {Brahma Dev Sharma},
  title = {Stresses In an Infinite Slab due to a Nucleus of Thermoelastic Strain in it.}
}

@article{Tao71,
  doi = {10.1016/0020-7225(71)90050-4},
  url = {https://doi.org/10.1016/0020-7225(71)90050-4},
  year = {1971},
  month = {may},
  publisher = {Elsevier {BV}},
  volume = {9},
  number = {5},
  pages = {489--505},
  journal = {International Journal of Engineering Science},
  author = {L.N. Tao},
  title = {Integration of the dynamic thermoelastic equations}
}


@article{Tempone10,
  doi = {10.1016/j.apm.2010.02.025},
  url = {https://doi.org/10.1016/j.apm.2010.02.025},
  year = {2010},
  month = {nov},
  publisher = {Elsevier {BV}},
  volume = {34},
  number = {11},
  pages = {3352--3362},
  journal = {Applied Mathematical Modelling}, 
  author = {Pamela Tempone and Erling Fj{\ae}r and Martin Landr{\o}},
  title = {Improved solution of displacements due to a compacting reservoir over a rigid basement}
}


@article{Tempone12,
  doi = {10.1190/geo2010-0361.1},
  url = {https://doi.org/10.1190/geo2010-0361.1},
  year = {2012},
  month = {may},
  publisher = {Society of Exploration Geophysicists},
  volume = {77},
  number = {3},
  pages = {G45--G54},
  journal = {Geophysics}, 
  author = {Pamela Tempone and Martin Landr{\o} and Erling Fj{\ae}r},
  title = {4D gravity response of compacting reservoirs: Analytical approach}
}

@article{Uieda2020,
  doi = {10.5281/zenodo.3628742},
  url = {https://doi.org/10.5281/zenodo.3628742},
  year = {2020},
  publisher = {Zenodo},
  author = {Leonardo Uieda and Santiago R. Soler and  Agustina Pesce and Vanderlei C. {Oliveira Jr} and Nicholas Shea},
  title = {Harmonica: Forward modeling, inversion, and processing gravity and magnetic data (v0.1.0)}
}

@article{Vasco1987,
  doi = {10.1111/j.1365-246x.1987.tb05191.x},
  url = {https://doi.org/10.1111/j.1365-246x.1987.tb05191.x},
  year = {1987},
  month = {may},
  publisher = {Oxford University Press ({OUP})},
  volume = {89},
  number = {2},
  pages = {749--754},
  author = {D. W. Vasco and L. R. Johnson},
  title = {The correspondence between gravitational attraction and surface displacement due to volume expansion},
  journal = {Geophysical Journal International}
}
%%%%%%
